@IEEEtranBSTCTL{IEEEexample:BSTcontrol,
  CTLdash_repeated_names = "no"
}

@book{Chao:PhysColEff,
      author       = "Chao, Alexander Wu",
      title        = "Physics of collective beam instabilities in high energy
                      accelerators",
      publisher    = "Wiley",
      address      = "New York, NY",
      year         = "1993",
}

@book{Ng:IntDepInstab,
      author       = "Ng, K Y",
      title        = "Physics of Intensity Dependent Beam Instabilities",
      publisher    = "World Scientific",
      address      = "New Jersey, NJ",
      year         = "2006",
}

@inproceedings{Metral:Heating,
      author       = "MÃ©tral E. et al",
      title        = "Beam-induced heating/bunch length/RF and lessons for 2012",
      institution  = "CERN",
      address      = "Geneva",
      month        = "February",
      year         = "2012",
      publisher = "Presented at Chamonix 2012 LHC Performance Workshop"
}

@inproceedings{Salvant:Heating,
      author       = "Salvant, B.",
      title        = "Beam induced heating",
      institution  = "CERN",
      address      = "Geneva",
      month        = "December",
      year         = "2011",
      publisher = "Presented at Evian LHC Beam Operation Workshop"
}

@inproceedings{pivi:PEP2Heat,
      author       = "Pivi, M.",
      title        = "Overview of HOM damping at PEPII",
      institution  = "CERN",
      address      = "Geneva",
      month        = "April",
      year         = "2012",
      publisher = "Presented at 18th April 2012 Meeting of the ICE section, CERN"
}

 @techreport{Grudiev:twoBeamCol,
      author       = "Grudiev, Alexej",
      title        = "Simulation and reduction of longitudinal and transverse
                      impedances of a collimation device with two beams in one
                      vacuum chamber",
      number       = "LHC-Project-note-413",
      month        = "Mar",
      year         = "2008",
}

@misc{Sacherer:BunchBeamEffects,
      author       = "Sacherer, Frank James",
      title        = "Single-beam collective phenomena: transverse II Bunched
                      beams",
      Howpublished = {1st International School on Particle Accelerators},
      year         = "1977",
}

@techreport{Grudiev:LongTransSecCol,
      author       = "Grudiev, A",
      title        = "Simulation of Longitudinal and Transverse Impedances of
                      Trapped Modes in LHC Secondary Collimator",
      institution  = "CERN",
      address      = "Geneva",
      number       = "AB-Note-2005-042. CERN-AB-Note-2005-042",
      month        = "Dec",
      year         = "2005",
}
